% Encoding: UTF-8

@Legislation{Office2022,
  date     = {2022-12-27},
  location = {Strasbourg},
  title    = {DIRECTIVE (EU) 2022/2555 OF THE EUROPEAN PARLIAMENT AND OF THE COUNCIL of 14 December 2022 on measures for a high common level of cybersecurity across the Union, amending Regulation (EU) No 910/2014 and Directive (EU) 2018/1972, and repealing Directive (EU) 2016/1148 (NIS 2 Directive)},
  url      = {https://eur-lex.europa.eu/legal-content/EN/TXT/PDF/?uri=CELEX:32022L2555},
  author   = {Publications Office},
  file     = {:C\:/Users/alexm/OneDrive/Toegepaste Informatica/Bach3/bachelorproef/CELEX_32022L2555_EN_TXT.pdf:PDF},
}

@Legislation{Office2016,
  date     = {2016-05-04},
  location = {Brussels},
  title    = {REGULATION (EU) 2016/ 679 OF THE EUROPEAN PARLIAMENT AND OF THE COUNCIL - of 27 April 2016 - on the protection of natural persons with regard to the processing of personal data and on the free movement of such data, and repealing Directive 95/ 46/ EC (General Data Protection Regulation)},
  url      = {https://eur-lex.europa.eu/legal-content/EN/TXT/PDF/?uri=CELEX:32016R0679&qid=1702455672885},
  author   = {Publications Office},
  file     = {:C\:/Users/alexm/OneDrive/Toegepaste Informatica/Bach3/bachelorproef/CELEX_32016R0679_EN_TXT.pdf:PDF},
}

@Proceedings{FUNDAMENTALS2023,
  date    = {2023-03-01},
  title   = {CYBER FUNDAMENTALS ESSENTIAL},
  url     = {https://ccb.belgium.be/sites/default/files/cyberfundamentals/CYFUN_ESSENTIAL_EN_20230301.pdf},
  urldate = {2023-12-13},
  author  = {{Center for Cyber security Belgium}},
  file    = {:C\:/Users/alexm/OneDrive/Toegepaste Informatica/Bach3/bachelorproef/CYFUN_ESSENTIAL_EN_20230301.pdf:PDF},
}

@Proceedings{FUNDAMENTALS2023a,
  date    = {2023-03-01},
  title   = {CYBER FUNDAMENTALS SMALL},
  url     = {https://ccb.belgium.be/sites/default/files/cyberfundamentals/CYFUN_SMALL_EN_20230301.pdf},
  urldate = {2023-12-13},
  author  = {{Center for Cyber security Belgium}},
  file    = {:C\:/Users/alexm/OneDrive/Toegepaste Informatica/Bach3/bachelorproef/CYFUN_SMALL_EN_20230301.pdf:PDF},
}

@Article{CRMSecurity,
  author  = {Olayah, Fekry and Anaam, Elham and Bakhtan, Muayad and Shamsan, Ahlam and Almudawi, Naif and Alazeb, Abdulwahab and Alshehri, Mohammed and Jawarneh, Malik},
  title   = {Online Security on E-CRM System: Review Paper},
  url     = {https://www.researchgate.net/profile/Elham-Anaam/publication/366658200_Online_Security_on_E-CRM_System_Review_Paper/links/63ad50bf03aad5368e4babe9/Online-Security-on-E-CRM-System-Review-Paper.pdf},
  urldate = {2023-12-13},
  month   = {12},
  year    = {2022},
}

@Comment{jabref-meta: databaseType:biblatex;}
